<?xml version="1.0" encoding="UTF-8"?><collection xmlns="http://www.loc.gov/MARC21/slim"><record><leader>00429nam--2200157-i-4500</leader><controlfield tag="001">000042437</controlfield><controlfield tag="002">20161230</controlfield><controlfield tag="005">20161230201043</controlfield><controlfield tag="008">060222s1000------------r-----000-0-eng-d</controlfield><datafield ind1=" " ind2=" " tag="080"><subfield code="a">517.95</subfield></datafield><datafield ind1="1" ind2=" " tag="100"><subfield code="a">Voigt,Robert G.(ed.)</subfield></datafield><datafield ind1="1" ind2="0" tag="245"><subfield code="a">Spectral methods for partial differential equations</subfield></datafield><datafield ind1=" " ind2=" " tag="260"><subfield code="a">Philadelphia, Siam, 1984. Vii + 267 P</subfield></datafield><datafield ind1=" " ind2=" " tag="700"><subfield code="a">Robert G.Voigt</subfield></datafield><datafield ind1=" " ind2=" " tag="852"><subfield code="a">74134</subfield><subfield code="c">517.9</subfield></datafield><datafield ind1=" " ind2=" " tag="CAT"><subfield code="a">Sys</subfield><subfield code="c">20090508</subfield><subfield code="h">103817</subfield></datafield></record></collection>